@inproceedings{yu06_activ_learn_trans_exper_desig,
  author =       {Yu, Kai and Bi, Jinbo and Tresp, Volker},
  title =        {Active Learning via Transductive Experimental Design},
  booktitle =    {Proceedings of the 23rd International Conference on Machine
                  Learning},
  year =         2006,
  pages =        {1081--1088},
  doi =          {10.1145/1143844.1143980},
  url =          {https://doi.org/10.1145/1143844.1143980},
  acmid =        1143980,
  address =      {New York, NY, USA},
  isbn =         {1-59593-383-2},
  location =     {Pittsburgh, Pennsylvania, USA},
  numpages =     8,
  publisher =    {ACM},
  series =       {ICML '06},
}

@article{gretton05_kernel_method_measur_indep,
  author =       {Gretton, Arthur and Herbrich, Ralf and Smola, Alexander and
                  Bousquet, Olivier and Sch{\"o}lkopf, Bernhard},
  title =        {Kernel Methods for Measuring Independence},
  journal =      {Journal of Machine Learning Research},
  volume =       6,
  number =       {Dec},
  pages =        {2075--2129},
  year =         2005,
}

@article{cohn96_activ_learn_with_statis_model,
  author =       {D. A. Cohn and Z. Ghahramani and M. I. Jordan},
  title =        {Active Learning With Statistical Models},
  journal =      {Journal of Artificial Intelligence Research},
  volume =       4,
  number =       {nil},
  pages =        {129-145},
  year =         1996,
  doi =          {10.1613/jair.295},
  url =          {https://doi.org/10.1613/jair.295},
  DATE_ADDED =   {Thu Nov 1 19:02:38 2018},
}

@article{box81_measur_lack_fit_respon_surfac,
  author =       {George E. P. Box and N. R. Draper},
  title =        {Measures of Lack of Fit for Response Surface Designs and
                  Predictor Variable Transformations.},
  year =         1981,
  doi =          {10.21236/ada100614},
  url =          {https://doi.org/10.21236/ada100614},
  DATE_ADDED =   {Fri Nov 2 00:17:49 2018},
}

@article{geman92_neural_networ_bias_dilem,
  author =       {Stuart Geman and Elie Bienenstock and Ren{\'e} Doursat},
  title =        {Neural Networks and the Bias/variance Dilemma},
  journal =      {Neural Computation},
  volume =       4,
  number =       1,
  pages =        {1-58},
  year =         1992,
  doi =          {10.1162/neco.1992.4.1.1},
  url =          {https://doi.org/10.1162/neco.1992.4.1.1},
  DATE_ADDED =   {Sun Nov 4 19:41:28 2018},
}

@article{lee17_minim_statis_learn_domain_adapt,
  author =       {Jaeho Lee and Maxim Raginsky},
  title =        {Minimax Statistical Learning and Domain Adaptation With
                  Wasserstein Distances},
  journal =      {CoRR},
  volume =       {abs/1705.07815},
  year =         2017,
  url =          {http://arxiv.org/abs/1705.07815},
  archivePrefix ={arXiv},
  bibsource =    {dblp computer science bibliography, https://dblp.org},
  biburl =       {https://dblp.org/rec/bib/journals/corr/LeeR17a},
  eprint =       {1705.07815},
  timestamp =    {Mon, 13 Aug 2018 16:49:17 +0200},
}

@article{wang18_bless_multip_causes,
  author =       {Wang, Yixin and Blei, David M},
  title =        {The Blessings of Multiple Causes},
  journal =      {arXiv preprint arXiv:1805.06826},
  year =         2018,
}

@Comment Add entry for "Gradient Descent Finds Global Minima of
@Comment Deep Neural Networks"

@article{wu18_towar_ai_physic_unsup_learn,
  author =       {Wu, Tailin and Tegmark, Max},
  title =        {Toward an Ai Physicist for Unsupervised Learning},
  journal =      {arXiv preprint arXiv:1810.10525},
  year =         2018,
}

@Article{alzate08_regul_kernel_cca_contr_funct_ica,
  author =       {Alzate, Carlos and Suykens, Johan A.K.},
  title =        {A Regularized Kernel Cca Contrast Function for Ica},
  journal =      {Neural Networks},
  volume =       21,
  number =       {2-3},
  pages =        {170-181},
  year =         2008,
  doi =          {10.1016/j.neunet.2007.12.047},
  url =          {https://doi.org/10.1016/j.neunet.2007.12.047},
  issn =         {0893-6080},
  month =        {Mar},
  publisher =    {Elsevier BV},
}

@inbook{jegelka07_brisk_kernel_ica,
  address =      {Cambridge, MA, USA},
  author =       {Jegelka, S. and Gretton, A.},
  booktitle =    {Large Scale Kernel Machines},
  editors =      {Bottou, L. , O. Chapelle, D. DeCoste, J. Weston},
  month =        sep,
  month_numeric ={9},
  organization = {Max-Planck-Gesellschaft},
  pages =        {225-250},
  publisher =    {MIT Press},
  school =       {Biologische Kybernetik},
  series =       {Neural Information Processing},
  title =        {Brisk Kernel ICA},
  year =         {2007},
}

@Article{bach03_kernel_indep_compon_analy,
  author =       {Bach, F.R. and Jordan, M.I.},
  title =        {Kernel Independent Component Analysis},
  journal =      {2003 IEEE International Conference on Acoustics, Speech, and
                  Signal Processing, 2003. Proceedings. (ICASSP '03).},
  year =         2003,
  doi =          {10.1109/icassp.2003.1202783},
  url =          {https://doi.org/10.1109/icassp.2003.1202783},
  isbn =         0780376633,
  publisher =    {IEEE},
}

@Article{settles12_activ_learn,
  author =       {Settles, Burr},
  title =        {Active Learning},
  journal =      {Synthesis Lectures on Artificial Intelligence and Machine
                  Learning},
  volume =       6,
  number =       1,
  pages =        {1-114},
  year =         2012,
  doi =          {10.2200/s00429ed1v01y201207aim018},
  url =          {https://doi.org/10.2200/s00429ed1v01y201207aim018},
  issn =         {1939-4616},
  month =        {Jun},
  publisher =    {Morgan \& Claypool Publishers LLC},
}

@Article{cohn94_improv_gener_with_activ_learn,
  author =       {Cohn, David and Atlas, Les and Ladner, Richard},
  title =        {Improving Generalization With Active Learning},
  journal =      {Machine Learning},
  volume =       15,
  number =       2,
  pages =        {201-221},
  year =         1994,
  doi =          {10.1007/bf00993277},
  url =          {https://doi.org/10.1007/bf00993277},
  issn =         {1573-0565},
  month =        {May},
  publisher =    {Springer Nature},
}

@inproceedings{dasgupta05_analy,
  author =       {Dasgupta, Sanjoy},
  title =        {Analysis of a greedy active learning strategy},
  booktitle =    {Advances in neural information processing systems},
  year =         2005,
  pages =        {337--344},
}

@article{balcan09_agnos_activ_learn,
  author =       {Balcan, Maria-Florina and Beygelzimer, Alina and Langford,
                  John},
  title =        {Agnostic Active Learning},
  journal =      {Journal of Computer and System Sciences},
  volume =       75,
  number =       1,
  pages =        {78--89},
  year =         2009,
  publisher =    {Elsevier},
}

@article{anil18_sortin_out_lipsc_funct_approx,
  author =       {Anil, Cem and Lucas, James and Grosse, Roger},
  title =        {Sorting Out Lipschitz Function Approximation},
  journal =      {arXiv preprint arXiv:1811.05381},
  year =         2018,
}

@Article{vladimir06_trans_infer_semi_super_learn,
  author =       {Vladimir, Vapnik},
  title =        {Transductive Inference and Semi-Supervised Learning},
  journal =      {Semi-Supervised Learning},
  pages =        {452-472},
  year =         2006,
  doi =          {10.7551/mitpress/9780262033589.003.0024},
  url =          {https://doi.org/10.7551/mitpress/9780262033589.003.0024},
  isbn =         9780262033589,
  month =        {Sep},
  publisher =    {The MIT Press},
}

@Article{dagan95_commit_based_sampl_train_probab_class,
  author =       {Dagan, Ido and Engelson, Sean P.},
  title =        {Committee-Based Sampling for Training Probabilistic
                  Classifiers},
  journal =      {Machine Learning Proceedings 1995},
  pages =        {150-157},
  year =         1995,
  doi =          {10.1016/b978-1-55860-377-6.50027-x},
  url =          {https://doi.org/10.1016/b978-1-55860-377-6.50027-x},
  isbn =         9781558603776,
  publisher =    {Elsevier},
}

@article{fujii98_selec_sampl_examp_based_word_sense_disam,
  author =       {Fujii, Atsushi and Tokunaga, Takenobu and Inui, Kentaro and
                  Tanaka, Hozumi},
  title =        {Selective Sampling for Example-Based Word Sense
                  Disambiguation},
  journal =      {Comput. Linguist.},
  volume =       24,
  number =       4,
  pages =        {573--597},
  year =         1998,
  url =          {http://dl.acm.org/citation.cfm?id=972764.972766},
  acmid =        972766,
  address =      {Cambridge, MA, USA},
  issn =         {0891-2017},
  issue_date =   {December 1998},
  month =        dec,
  numpages =     25,
  publisher =    {MIT Press},
}

@article{chen13_near_optim_batch_mode_activ,
  author =       {Chen, Yuxin and Krause, Andreas},
  title =        {Near-Optimal Batch Mode Active Learning and Adaptive
                  Submodular Optimization.},
  journal =      {ICML (1)},
  volume =       28,
  pages =        {160--168},
  year =         2013,
}

@article{kontorovich08_concen_inequal_depen_random_variab,
  author =       {Kontorovich, Leonid Aryeh and Ramanan, Kavita and others},
  title =        {Concentration Inequalities for Dependent Random Variables Via
                  the Martingale Method},
  journal =      {The Annals of Probability},
  volume =       36,
  number =       6,
  pages =        {2126--2158},
  year =         2008,
  publisher =    {Institute of Mathematical Statistics},
}

@article{fedorov10_optim_exper_desig,
  author =       {Fedorov, Valerii},
  title =        {Optimal Experimental Design},
  journal =      {Wiley Interdisciplinary Reviews: Computational Statistics},
  volume =       2,
  number =       5,
  pages =        {581--589},
  year =         2010,
  publisher =    {Wiley Online Library},
}

@incollection{wang10_multi_view_activ_learn_non_realiz_case,
  author =       {Wang, Wei and Zhi-hua Zhou},
  booktitle =    {Advances in Neural Information Processing Systems 23},
  editor =       {J. D. Lafferty and C. K. I. Williams and J. Shawe-Taylor and
                  R. S. Zemel and A. Culotta},
  pages =        {2388--2396},
  publisher =    {Curran Associates, Inc.},
  title =        {Multi-View Active Learning in the Non-Realizable Case},
  url =
                  {http://papers.nips.cc/paper/3991-multi-view-active-learning-in-the-non-realizable-case.pdf},
  year =         2010,
}

@incollection{balcan13_statis_activ_learn_algor,
  author =       {Balcan, Maria-Florina F and Feldman, Vitaly},
  booktitle =    {Advances in Neural Information Processing Systems 26},
  editor =       {C. J. C. Burges and L. Bottou and M. Welling and Z. Ghahramani
                  and K. Q. Weinberger},
  pages =        {1295--1303},
  publisher =    {Curran Associates, Inc.},
  title =        {Statistical Active Learning Algorithms},
  url =
                  {http://papers.nips.cc/paper/5101-statistical-active-learning-algorithms.pdf},
  year =         2013,
}

@incollection{yang13_buy_bulk_activ_learn,
  author =       {Yang, Liu and Carbonell, Jaime},
  booktitle =    {Advances in Neural Information Processing Systems 26},
  editor =       {C. J. C. Burges and L. Bottou and M. Welling and Z. Ghahramani
                  and K. Q. Weinberger},
  pages =        {2229--2237},
  publisher =    {Curran Associates, Inc.},
  title =        {Buy-in-Bulk Active Learning},
  url =
                  {http://papers.nips.cc/paper/4957-buy-in-bulk-active-learning.pdf},
  year =         2013,
}

@incollection{willett06_faster_rates_regres_activ_learn,
  author =       {Willett, Rebecca and Nowak, Robert and Rui M. Castro},
  booktitle =    {Advances in Neural Information Processing Systems 18},
  editor =       {Y. Weiss and B. Sch\"{o}lkopf and J. C. Platt},
  pages =        {179--186},
  publisher =    {MIT Press},
  title =        {Faster Rates in Regression via Active Learning},
  url =
                  {http://papers.nips.cc/paper/2831-faster-rates-in-regression-via-active-learning.pdf},
  year =         2006,
}

@incollection{golovin10_near_optim_bayes_activ_learn_noisy_obser,
  author =       {Golovin, Daniel and Krause, Andreas and Debajyoti Ray},
  booktitle =    {Advances in Neural Information Processing Systems 23},
  editor =       {J. D. Lafferty and C. K. I. Williams and J. Shawe-Taylor and
                  R. S. Zemel and A. Culotta},
  pages =        {766--774},
  publisher =    {Curran Associates, Inc.},
  title =        {Near-Optimal Bayesian Active Learning with Noisy Observations},
  url =
                  {http://papers.nips.cc/paper/4073-near-optimal-bayesian-active-learning-with-noisy-observations.pdf},
  year =         2010,
}

@incollection{park11_activ_gauss,
  author =       {Park, Mijung and Greg Horwitz and Jonathan W. Pillow},
  booktitle =    {Advances in Neural Information Processing Systems 24},
  editor =       {J. Shawe-Taylor and R. S. Zemel and P. L. Bartlett and F.
                  Pereira and K. Q. Weinberger},
  pages =        {2043--2051},
  publisher =    {Curran Associates, Inc.},
  title =        {Active learning of neural response functions with Gaussian
                  processes},
  url =
                  {http://papers.nips.cc/paper/4322-active-learning-of-neural-response-functions-with-gaussian-processes.pdf},
  year =         2011,
}

@incollection{gu12_selec_label_error_bound_minim,
  author =       {Gu, Quanquan and Zhang, Tong and Han, Jiawei and Chris H.
                  Ding},
  booktitle =    {Advances in Neural Information Processing Systems 25},
  editor =       {F. Pereira and C. J. C. Burges and L. Bottou and K. Q.
                  Weinberger},
  pages =        {323--331},
  publisher =    {Curran Associates, Inc.},
  title =        {Selective Labeling via Error Bound Minimization},
  url =
                  {http://papers.nips.cc/paper/4575-selective-labeling-via-error-bound-minimization.pdf},
  year =         2012,
}

@inproceedings{bengio09_curric,
  author =       {Bengio, Yoshua and Louradour, J{\'e}r{\^o}me and Collobert,
                  Ronan and Weston, Jason},
  title =        {Curriculum learning},
  booktitle =    {Proceedings of the 26th annual international conference on
                  machine learning},
  year =         2009,
  pages =        {41--48},
  organization = {ACM},
}

@article{graves17_autom_curric_learn_neural_networ,
  author =       {Graves, Alex and Bellemare, Marc G and Menick, Jacob and
                  Munos, Remi and Kavukcuoglu, Koray},
  title =        {Automated Curriculum Learning for Neural Networks},
  journal =      {arXiv preprint arXiv:1704.03003},
  year =         2017,
}

@article{krause08_near_optim_sensor_placem_gauss_proces,
  author =       {Krause, Andreas and Singh, Ajit and Guestrin, Carlos},
  title =        {Near-Optimal Sensor Placements in Gaussian Processes: Theory,
                  Efficient Algorithms and Empirical Studies},
  journal =      {Journal of Machine Learning Research},
  volume =       9,
  number =       {Feb},
  pages =        {235--284},
  year =         2008,
}

@article{rosasco04_are_loss_funct_all_same,
  author =       {Rosasco, Lorenzo and Vito, Ernesto De and Caponnetto, Andrea
                  and Piana, Michele and Verri, Alessandro},
  title =        {Are Loss Functions All the Same?},
  journal =      {Neural Computation},
  volume =       16,
  number =       5,
  pages =        {1063--1076},
  year =         2004,
  publisher =    {MIT Press},
}

@article{sugiyama06_activ_learn_approx_linear_regres,
  author =       {Sugiyama, Masashi},
  title =        {Active Learning in Approximately Linear Regression Based on
                  Conditional Expectation of Generalization Error},
  journal =      {Journal of Machine Learning Research},
  volume =       7,
  number =       {Jan},
  pages =        {141--166},
  year =         2006,
}

@inproceedings{chaudhuri15_conver,
  author =       {Chaudhuri, Kamalika and Kakade, Sham M and Netrapalli,
                  Praneeth and Sanghavi, Sujay},
  title =        {Convergence rates of active learning for maximum likelihood
                  estimation},
  booktitle =    {Advances in Neural Information Processing Systems},
  year =         2015,
  pages =        {1090--1098},
}

@inproceedings{singh09_unlab,
  author =       {Singh, Aarti and Nowak, Robert and Zhu, Xiaojin},
  title =        {Unlabeled data: Now it helps, now it doesn't},
  booktitle =    {Advances in neural information processing systems},
  year =         2009,
  pages =        {1513--1520},
}

@article{linero18_bayes_regres_trees_high_dimen,
  author =       {Linero, Antonio R},
  title =        {Bayesian Regression Trees for High-Dimensional Prediction and
                  Variable Selection},
  journal =      {Journal of the American Statistical Association},
  pages =        {1--11},
  year =         2018,
  publisher =    {Taylor \& Francis},
}

@inproceedings{lakshminarayanan15_partic_gibbs_bayes,
  author =       {Lakshminarayanan, Balaji and Roy, Daniel and Teh, Yee Whye},
  title =        {Particle Gibbs for Bayesian additive regression trees},
  booktitle =    {Artificial Intelligence and Statistics},
  year =         2015,
  pages =        {553--561},
}

@article{hastie00_bayes_backf_commen_rejoin_by_author,
  author =       {Hastie, Trevor and Tibshirani, Robert and others},
  title =        {Bayesian Backfitting (with Comments and a Rejoinder By the
                  Authors},
  journal =      {Statistical Science},
  volume =       15,
  number =       3,
  pages =        {196--223},
  year =         2000,
  publisher =    {Institute of Mathematical Statistics},
}

@article{rockova17_poster_concen_bayes_regres_trees_their_ensem,
  author =       {Rockova, Veronika and van der Pas, Stephanie},
  title =        {Posterior Concentration for Bayesian Regression Trees and
                  Their Ensembles},
  journal =      {arXiv preprint arXiv:1708.08734},
  year =         2017,
}

@article{sparapani2016nonparametric,
  title={Nonparametric survival analysis using Bayesian additive regression trees (BART)},
  author={Sparapani, Rodney A and Logan, Brent R and McCulloch, Robert E and Laud, Purushottam W},
  journal={Statistics in medicine},
  volume={35},
  number={16},
  pages={2741--2753},
  year={2016},
  publisher={Wiley Online Library}
}

@article{murray17_log_linear_bayes_addit_regres,
  author =       {Murray, Jared S},
  title =        {Log-Linear Bayesian Additive Regression Trees for Categorical
                  and Count Responses},
  journal =      {arXiv preprint arXiv:1701.01503},
  year =         2017,
}

@article{chipman2010bart,
  title={BART: Bayesian additive regression trees},
  author={Chipman, Hugh A and George, Edward I and McCulloch, Robert E and others},
  journal={The Annals of Applied Statistics},
  volume={4},
  number={1},
  pages={266--298},
  year={2010},
  publisher={Institute of Mathematical Statistics}
}

@article{hill11_bayes_nonpar_model_causal_infer,
  author =       {Hill, Jennifer L},
  title =        {Bayesian Nonparametric Modeling for Causal Inference},
  journal =      {Journal of Computational and Graphical Statistics},
  volume =       20,
  number =       1,
  pages =        {217--240},
  year =         2011,
  publisher =    {Taylor \& Francis},
}

@article{pratola16_effic_metrop,
  author =       {Pratola, Matthew T and others},
  title =        {Efficient Metropolis--hastings Proposal Mechanisms for
                  Bayesian Regression Tree Models},
  journal =      {Bayesian analysis},
  volume =       11,
  number =       3,
  pages =        {885--911},
  year =         2016,
  publisher =    {International Society for Bayesian Analysis},
}

@article{hanneke12_surrog_losses_passiv_activ_learn,
  author =       {Hanneke, Steve and Yang, Liu},
  title =        {Surrogate Losses in Passive and Active Learning},
  journal =      {arXiv preprint arXiv:1207.3772},
  year =         2012,
}

@inproceedings{liu10_multiv,
  author =       {Liu, Han and Chen, Xi},
  title =        {Multivariate dyadic regression trees for sparse learning
                  problems},
  booktitle =    {Advances in Neural Information Processing Systems},
  year =         2010,
  pages =        {1441--1449},
}

@article{devore90_degree_adapt_approx,
  author =       {DeVore, Ronald A and Yu, Xiang Ming},
  title =        {Degree of Adaptive Approximation},
  journal =      {Mathematics of computation},
  pages =        {625--635},
  year =         1990,
  publisher =    {JSTOR},
}

@article{cohen12_captur_ridge_funct_high_dimen,
  author =       {Cohen, Albert and Daubechies, Ingrid and DeVore, Ronald and
                  Kerkyacharian, Gerard and Picard, Dominique},
  title =        {Capturing Ridge Functions in High Dimensions From Point
                  Queries},
  journal =      {Constructive Approximation},
  volume =       35,
  number =       2,
  pages =        {225--243},
  year =         2012,
  publisher =    {Springer},
}

@inproceedings{binev06_univer,
  author =       {Binev, Peter and Cohen, Albert and Dahmen, Wolfgang and
                  DeVore, Ronald},
  title =        {Universal piecewise polynomial estimators for machine
                  learning},
  booktitle =    {Curve and surface design. Avignon 2006. Proceedings 6th
                  international conference on curves and surfaces, Avignon,
                  France},
  year =         2006,
  pages =        {48--77},
}

@article{scott06_minim_optim_class_with_dyadic_decis_trees,
  author =       {Scott, Clayton and Nowak, Robert D},
  title =        {Minimax-Optimal Classification With Dyadic Decision Trees},
  journal =      {IEEE transactions on information theory},
  volume =       52,
  number =       4,
  pages =        {1335--1353},
  year =         2006,
  publisher =    {IEEE},
}

@Article{Prok_2018,
  author       = {Prok, Gary R},
  title        = {Some Limits of Science and Evolutionary Processes},
  year         = 2018,
  volume       = 1,
  number       = 1,
  month        = {Dec},
  pages        = {33–41},
  issn         = {2640-5644},
  doi          = {10.33014/issn.2640-5652.1.1.prok.1},
  url          = {http://dx.doi.org/10.33014/issn.2640-5652.1.1.prok.1},
  journal      = {Communications of the Blyth Institute},
  publisher    = {The Blyth Institute}
}

@techreport{sutherland16_scalab_flexib_activ_learn_distr,
  author =       {Sutherland, Dougal J},
  institution =  {Carnegie Mellon University Pittsburgh United States},
  title =        {Scalable, Flexible and Active Learning on Distributions},
  year =         2016,
}

@article{garnett12_bayes_optim_activ_searc_survey,
  author =       {Garnett, Roman and Krishnamurthy, Yamuna and Xiong, Xuehan and
                  Schneider, Jeff and Mann, Richard},
  title =        {Bayesian Optimal Active Search and Surveying},
  journal =      {arXiv preprint arXiv:1206.6406},
  year =         2012,
}

@inproceedings{ma14_activ_bayes,
  author =       {Ma, Yifei and Garnett, Roman and Schneider, Jeff},
  title =        {Active area search via Bayesian quadrature},
  booktitle =    {Artificial intelligence and statistics},
  year =         2014,
  pages =        {595--603},
}

@misc{viering17_nuclear_discr_activ_learn,
  archivePrefix ={arXiv},
  author =       {Tom J. Viering and Jesse H. Krijthe and Marco Loog},
  eprint =       {1706.02645},
  primaryClass = {cs.LG},
  title =        {Nuclear Discrepancy for Active Learning},
  year =         2017,
}

@inproceedings{kandasamy15_bayes,
  author =       {Kandasamy, Kirthevasan and Schneider, Jeff and P{\'o}czos,
                  Barnab{\'a}s},
  title =        {Bayesian active learning for posterior estimation},
  booktitle =    {Twenty-Fourth International Joint Conference on Artificial
                  Intelligence},
  year =         2015,
}

@inproceedings{ma15_activ,
  author =       {Ma, Yifei and Sutherland, Dougal and Garnett, Roman and
                  Schneider, Jeff},
  title =        {Active pointillistic pattern search},
  booktitle =    {Artificial Intelligence and Statistics},
  year =         2015,
  pages =        {672--680},
}

@article{orhan18_activ_learn_method_based_statis_lever_scores,
  author =       {Orhan, Cem and Tastan, Oznur},
  title =        {Active Learning Methods Based on Statistical Leverage Scores},
  journal =      {arXiv preprint arXiv:1812.02497},
  year =         2018,
}

@inproceedings{chattopadhyay13_joint,
  author =       {Chattopadhyay, Rita and Fan, Wei and Davidson, Ian and
                  Panchanathan, Sethuraman and Ye, Jieping},
  title =        {Joint transfer and batch-mode active learning},
  booktitle =    {International Conference on Machine Learning},
  year =         2013,
  pages =        {253--261},
}

@inproceedings{guo08_discr,
  author =       {Guo, Yuhong and Schuurmans, Dale},
  title =        {Discriminative batch mode active learning},
  booktitle =    {Advances in neural information processing systems},
  year =         2008,
  pages =        {593--600},
}

@article{wang15_query_discr_repres_sampl_batch,
  author =       {Wang, Zheng and Ye, Jieping},
  title =        {Querying Discriminative and Representative Samples for Batch
                  Mode Active Learning},
  journal =      {ACM Transactions on Knowledge Discovery from Data (TKDD)},
  volume =       9,
  number =       3,
  pages =        17,
  year =         2015,
  publisher =    {ACM},
}

@article{chattopadhyay13_batch_mode_activ_sampl_based,
  author =       {Chattopadhyay, Rita and Wang, Zheng and Fan, Wei and Davidson,
                  Ian and Panchanathan, Sethuraman and Ye, Jieping},
  title =        {Batch Mode Active Sampling Based on Marginal Probability
                  Distribution Matching},
  journal =      {ACM Transactions on Knowledge Discovery from Data (TKDD)},
  volume =       7,
  number =       3,
  pages =        13,
  year =         2013,
  publisher =    {ACM},
}

@article{gu14_batch_mode_activ_learn_via,
  author =       {Gu, Quanquan and Zhang, Tong and Han, Jiawei},
  title =        {Batch-Mode Active Learning Via Error Bound Minimization},
  journal =      {Urbana},
  volume =       51,
  pages =        61801,
  year =         2014,
}

@article{cortes19_adapt_based_gener_discr,
  author =       {Cortes, Corinna and Mohri, Mehryar and Medina, Andr{\'e}s
                  Munoz},
  title =        {Adaptation Based on Generalized Discrepancy},
  journal =      {Machine Learning Research, forthcoming. URL http://www. cs.
                  nyu. edu/\~{} mohri/pub/daj. pdf},
  year =         2019,
}

@article{cortes14_domain_adapt_sampl_bias_correc,
  author =       {Cortes, Corinna and Mohri, Mehryar},
  title =        {Domain Adaptation and Sample Bias Correction Theory and
                  Algorithm for Regression},
  journal =      {Theoretical Computer Science},
  volume =       519,
  pages =        {103--126},
  year =         2014,
  publisher =    {Elsevier},
}

@article{ruppert09_semip_regres_durin,
  author =       {Ruppert, David and Wand, Matt P and Carroll, Raymond J},
  title =        {Semiparametric Regression During 2003--2007},
  journal =      {Electronic journal of statistics},
  volume =       3,
  pages =        1193,
  year =         2009,
  publisher =    {NIH Public Access},
}

@article{oates19_moder_retros_probab_numer,
  author =       {Oates, CJ and Sullivan, TJ},
  title =        {A Modern Retrospective on Probabilistic Numerics},
  journal =      {arXiv preprint arXiv:1901.04457},
  year =         2019,
}

@article{wu2019comprehensive,
  author =       {Wu, Zonghan and Pan, Shirui and Chen, Fengwen and Long,
                  Guodong and Zhang, Chengqi and Yu, Philip S},
  title =        {A comprehensive survey on graph neural networks},
  journal =      {arXiv preprint arXiv:1901.00596},
  year =         2019,
}

@inproceedings{dasgupta06_coars,
  author =       {Dasgupta, Sanjoy},
  title =        {Coarse sample complexity bounds for active learning},
  booktitle =    {Advances in neural information processing systems},
  year =         2006,
  pages =        {235--242},
}

@article{bach12_equiv_between_herdin_condit_gradien_algor,
  author =       {Bach, Francis and Lacoste-Julien, Simon and Obozinski,
                  Guillaume},
  title =        {On the Equivalence Between Herding and Conditional Gradient
                  Algorithms},
  journal =      {arXiv preprint arXiv:1203.4523},
  year =         2012,
}

@article{muandet17_kernel_mean_embed_distr,
  author =       {Muandet, Krikamol and Fukumizu, Kenji and Sriperumbudur,
                  Bharath and Sch{\"o}lkopf, Bernhard and others},
  title =        {Kernel Mean Embedding of Distributions: a Review and Beyond},
  journal =      {Foundations and Trends{\textregistered} in Machine Learning},
  volume =       10,
  number =       {1-2},
  pages =        {1--141},
  year =         2017,
  publisher =    {Now Publishers, Inc.},
}

@article{chen12_super_sampl_from_kernel_herdin,
  author =       {Chen, Yutian and Welling, Max and Smola, Alex},
  title =        {Super-Samples From Kernel Herding},
  journal =      {arXiv preprint arXiv:1203.3472},
  year =         2012,
}

@book{shalev-shwartz14_under,
  author =       {Shalev-Shwartz, Shai and Ben-David, Shai},
  title =        {Understanding machine learning: From theory to algorithms},
  year =         2014,
  publisher =    {Cambridge university press},
}

@article{wainwright08_graph_model_expon_famil_variat_infer,
  author =       {Wainwright, Martin J and Jordan, Michael I and others},
  title =        {Graphical Models, Exponential Families, and Variational
                  Inference},
  journal =      {Foundations and Trends{\textregistered} in Machine Learning},
  volume =       1,
  number =       {1--2},
  pages =        {1--305},
  year =         2008,
  publisher =    {Now Publishers, Inc.},
}

@article{smale07_learn_theor_estim_via_integ,
  author =       {Smale, Steve and Zhou, Ding-Xuan},
  title =        {Learning Theory Estimates Via Integral Operators and Their
                  Approximations},
  journal =      {Constructive approximation},
  volume =       26,
  number =       2,
  pages =        {153--172},
  year =         2007,
  publisher =    {Springer},
}

@article{hoeffding63_probab_inequal_sums_bound_random_variab,
  author =       {Hoeffding, Wassily},
  title =        {Probability Inequalities for Sums of Bounded Random Variables},
  journal =      {Journal of the American statistical association},
  volume =       58,
  number =       301,
  pages =        {13--30},
  year =         1963,
  publisher =    {Taylor \& Francis Group},
}

@inproceedings{zwald06,
  author =       {Zwald, Laurent and Blanchard, Gilles},
  title =        {On the convergence of eigenspaces in kernel principal
                  component analysis},
  booktitle =    {Advances in neural information processing systems},
  year =         2006,
  pages =        {1649--1656},
}


@book{boyd04_convex,
  author =       {Boyd, Stephen and Vandenberghe, Lieven},
  title =        {Convex optimization},
  year =         2004,
  publisher =    {Cambridge university press},
}

@inproceedings{rahimi08_random,
  author =       {Rahimi, Ali and Recht, Benjamin},
  title =        {Random features for large-scale kernel machines},
  booktitle =    {Advances in neural information processing systems},
  year =         2008,
  pages =        {1177--1184},
}

@inproceedings{ben-david14,
  author =       {Ben-David, Shai and Urner, Ruth},
  title =        {The sample complexity of agnostic learning under deterministic
                  labels},
  booktitle =    {Conference on Learning Theory},
  year =         2014,
  pages =        {527--542},
}

@inproceedings{bousquet03_introd,
  author =       {Bousquet, Olivier and Boucheron, St{\'e}phane and Lugosi,
                  G{\'a}bor},
  title =        {Introduction to statistical learning theory},
  booktitle =    {Summer School on Machine Learning},
  year =         2003,
  pages =        {169--207},
  organization = {Springer},
}

@article{beck04_condit_gradien_method_with_linear,
  author =       {Beck, Amir and Teboulle, Marc},
  title =        {A Conditional Gradient Method With Linear Rate of Convergence
                  for Solving Convex Linear Systems},
  journal =      {Mathematical Methods of Operations Research},
  volume =       59,
  number =       2,
  pages =        {235--247},
  year =         2004,
  publisher =    {Springer},
}

@inproceedings{gelfand10,
  author =       {Gelfand, Andrew and Chen, Yutian and Maaten, Laurens and
                  Welling, Max},
  title =        {On herding and the perceptron cycling theorem},
  booktitle =    {Advances in Neural Information Processing Systems},
  year =         2010,
  pages =        {694--702},
}

@article{gruenbaum67_convex_polyt,
  author =       {Gr{\"u}nbaum, Branko and Klee, Victor and Perles, Micha A and
                  Shephard, Geoffrey Colin},
  title =        {Convex Polytopes},
  year =         {1967},
  publisher =    {Springer},
}

@article{vershynin12_how_close_is_sampl_covar,
  author =       {Vershynin, Roman},
  title =        {How Close Is the Sample Covariance Matrix To the Actual
                  Covariance Matrix?},
  journal =      {Journal of Theoretical Probability},
  volume =       25,
  number =       3,
  pages =        {655--686},
  year =         2012,
  publisher =    {Springer},
}

@article{huszar12_optim_weigh_herdin_is_bayes_quadr,
  author =       {Husz{\'a}r, Ferenc and Duvenaud, David},
  title =        {Optimally-Weighted Herding Is Bayesian Quadrature},
  journal =      {arXiv preprint arXiv:1204.1664},
  year =         2012,
}

@inproceedings{briol15_frank_wolfe_bayes,
  author =       {Briol, Fran{\c{c}}ois-Xavier and Oates, Chris and Girolami,
                  Mark and Osborne, Michael A},
  title =        {Frank-Wolfe Bayesian quadrature: Probabilistic integration
                  with theoretical guarantees},
  booktitle =    {Advances in Neural Information Processing Systems},
  year =         2015,
  pages =        {1162--1170},
}

@article{lacoste-julien13_affin_invar_linear_conver_analy,
  author =       {Lacoste-Julien, Simon and Jaggi, Martin},
  title =        {An Affine Invariant Linear Convergence Analysis for
                  Frank-Wolfe Algorithms},
  journal =      {arXiv preprint arXiv:1312.7864},
  year =         2013,
}

@inproceedings{lacoste-julien15_frank_wolfe,
  author =       {Lacoste-Julien, Simon and Jaggi, Martin},
  title =        {On the global linear convergence of Frank-Wolfe optimization
                  variants},
  booktitle =    {Advances in Neural Information Processing Systems},
  year =         2015,
  pages =        {496--504},
}

@article{varin11_overv_compos_likel_method,
  author =       {Varin, Cristiano and Reid, Nancy and Firth, David},
  title =        {An Overview of Composite Likelihood Methods},
  journal =      {Statistica Sinica},
  pages =        {5--42},
  year =         2011,
  publisher =    {JSTOR},
}

@article{mollenhauer18_singul_value_decom_operat_reprod,
  author =       {Mollenhauer, Mattes and Schuster, Ingmar and Klus, Stefan and
                  Sch{\"u}tte, Christof},
  title =        {Singular Value Decomposition of Operators on Reproducing
                  Kernel Hilbert Spaces},
  journal =      {arXiv preprint arXiv:1807.09331},
  year =         2018,
}

@article{bousquet02_stabil_gener,
  author =       {Bousquet, Olivier and Elisseeff, Andr{\'e}},
  title =        {Stability and Generalization},
  journal =      {Journal of machine learning research},
  volume =       2,
  number =       {Mar},
  pages =        {499--526},
  year =         2002,
}

@article{kanagawa18_gauss_proces_kernel_method,
  author =       {Kanagawa, Motonobu and Hennig, Philipp and Sejdinovic, Dino
                  and Sriperumbudur, Bharath K},
  title =        {Gaussian Processes and Kernel Methods: a Review on Connections
                  and Equivalences},
  journal =      {arXiv preprint arXiv:1807.02582},
  year =         2018,
}

@article{alvarez12_kernel_vector_valued_funct,
  author =       {Alvarez, Mauricio A and Rosasco, Lorenzo and Lawrence, Neil D
                  and others},
  title =        {Kernels for Vector-Valued Functions: a Review},
  journal =      {Foundations and Trends{\textregistered} in Machine Learning},
  volume =       4,
  number =       3,
  pages =        {195--266},
  year =         2012,
  publisher =    {Now Publishers, Inc.},
}

@article{tipping01_spars_bayes_learn_relev_vector_machin,
  author =       {Tipping, Michael E},
  title =        {Sparse Bayesian Learning and the Relevance Vector Machine},
  journal =      {Journal of machine learning research},
  volume =       1,
  number =       {Jun},
  pages =        {211--244},
  year =         2001,
}

@inproceedings{canas12_learn,
  author =       {Canas, Guillermo and Rosasco, Lorenzo},
  title =        {Learning probability measures with respect to optimal
                  transport metrics},
  booktitle =    {Advances in Neural Information Processing Systems},
  year =         2012,
  pages =        {2492--2500},
}

@inproceedings{tolstikhin16_minim,
  author =       {Tolstikhin, Ilya O and Sriperumbudur, Bharath K and
                  Sch{\"o}lkopf, Bernhard},
  title =        {Minimax estimation of maximum mean discrepancy with radial
                  kernels},
  booktitle =    {Advances in Neural Information Processing Systems},
  year =         2016,
  pages =        {1930--1938},
}

@article{braun06_accur_error_bound_eigen_kernel_matrix,
  author =       {Braun, Mikio L},
  title =        {Accurate Error Bounds for the Eigenvalues of the Kernel
                  Matrix},
  journal =      {Journal of Machine Learning Research},
  volume =       7,
  number =       {Nov},
  pages =        {2303--2328},
  year =         2006,
}

@article{nemhauser78_analy_approx_maxim_submod_set_funct_i,
  author =       {Nemhauser, George L and Wolsey, Laurence A and Fisher,
                  Marshall L},
  title =        {An Analysis of Approximations for Maximizing Submodular Set
                  Functions-I},
  journal =      {Mathematical programming},
  volume =       14,
  number =       1,
  pages =        {265--294},
  year =         1978,
  publisher =    {Springer},
}

@inproceedings{kim16_examp,
  author =       {Kim, Been and Khanna, Rajiv and Koyejo, Oluwasanmi O},
  title =        {Examples are not enough, learn to criticize! criticism for
                  interpretability},
  booktitle =    {Advances in Neural Information Processing Systems},
  year =         2016,
  pages =        {2280--2288},
}

@inproceedings{bach13_sharp,
  author =       {Bach, Francis},
  title =        {Sharp analysis of low-rank kernel matrix approximations},
  booktitle =    {Conference on Learning Theory},
  year =         2013,
  pages =        {185--209},
}

@inproceedings{rudi18,
  author =       {Rudi, Alessandro and Calandriello, Daniele and Carratino,
                  Luigi and Rosasco, Lorenzo},
  title =        {On fast leverage score sampling and optimal learning},
  booktitle =    {Advances in Neural Information Processing Systems},
  year =         2018,
  pages =        {5672--5682},
}

@article{sriperumbudur16_optim_estim_probab_measur_weak_stron_topol,
  author =       {Bharath Sriperumbudur},
  title =        {On the Optimal Estimation of Probability Measures in Weak and
                  Strong Topologies},
  journal =      {Bernoulli},
  volume =       22,
  number =       3,
  pages =        {1839-1893},
  year =         2016,
  doi =          {10.3150/15-bej713},
  url =          {https://doi.org/10.3150/15-bej713},
  DATE_ADDED =   {Wed May 15 14:28:47 2019},
}

@article{sriperumbudur10_hilber_space_embed_metric_probab_measur,
  author =       {Sriperumbudur, Bharath K. and Gretton, Arthur and Fukumizu,
                  Kenji and Sch\"{o}lkopf, Bernhard and Lanckriet, Gert R.G.},
  title =        {Hilbert Space Embeddings and Metrics on Probability Measures},
  journal =      {J. Mach. Learn. Res.},
  volume =       11,
  pages =        {1517--1561},
  year =         2010,
  url =          {http://dl.acm.org/citation.cfm?id=1756006.1859901},
  acmid =        1859901,
  issn =         {1532-4435},
  issue_date =   {3/1/2010},
  month =        aug,
  numpages =     45,
  publisher =    {JMLR.org},
}

@article{simon-gabriel18_kernel_distr_embed,
  author =       {Simon-Gabriel, C. J. and Sch{\"o}lkopf, B.},
  title =        {Kernel Distribution Embeddings: Universal Kernels,
                  Characteristic Kernels and Kernel Metrics on Distributions},
  journal =      {Journal of Machine Learning Research},
  volume =       19,
  number =       44,
  pages =        {1--29},
  year =         2018,
}

@article{graf02_rates_conver_empir_quant_error,
  author =       {Siegfried Graf and Harald Luschgy},
  title =        {Rates of Convergence for the Empirical Quantization Error},
  journal =      {The Annals of Probability},
  volume =       30,
  number =       2,
  pages =        {874-897},
  year =         2002,
  doi =          {10.1214/aop/1023481010},
  url =          {https://doi.org/10.1214/aop/1023481010},
  DATE_ADDED =   {Thu May 16 13:10:32 2019},
}

@article{pages15_introd_to_vector_quant_its_applic_numer,
  author =       {Gilles Pag{\`e}s},
  title =        {Introduction To Vector Quantization and Its Applications for
                  Numerics},
  journal =      {ESAIM: Proceedings and Surveys},
  volume =       48,
  number =       {nil},
  pages =        {29-79},
  year =         2015,
  doi =          {10.1051/proc/201448002},
  url =          {https://doi.org/10.1051/proc/201448002},
  DATE_ADDED =   {Fri May 17 14:23:40 2019},
}

@inproceedings{rudi17_falkon,
  author =       {Rudi, Alessandro and Carratino, Luigi and Rosasco, Lorenzo},
  title =        {Falkon: An optimal large scale kernel method},
  booktitle =    {Advances in Neural Information Processing Systems},
  year =         2017,
  pages =        {3888--3898},
}

@article{fasshauer11_posit_defin_kernel,
  author =       {Fasshauer, Gregory E},
  title =        {Positive Definite Kernels: Past, Present and Future},
  journal =      {Dolomite Research Notes on Approximation},
  volume =       4,
  pages =        {21--63},
  year =         2011,
}

@inproceedings{ciliberto16,
  author =       {Ciliberto, Carlo and Rosasco, Lorenzo and Rudi, Alessandro},
  title =        {A consistent regularization approach for structured
                  prediction},
  booktitle =    {Advances in neural information processing systems},
  year =         2016,
  pages =        {4412--4420},
}

@article{caponnetto07_optim_rates_regul_least_squar_algor,
  author =       {Caponnetto, Andrea and De Vito, Ernesto},
  title =        {Optimal Rates for the Regularized Least-Squares Algorithm},
  journal =      {Foundations of Computational Mathematics},
  volume =       7,
  number =       3,
  pages =        {331--368},
  year =         2007,
  publisher =    {Springer},
}

@article{grunewalder18_compac_convex_projec,
  author =       {Grunewalder, Steffen},
  title =        {Compact Convex Projections},
  journal =      {Journal of Machine Learning Research},
  volume =       18,
  number =       219,
  pages =        {1--43},
  year =         2018,
}

@article{manton15_primer_reprod_kernel_hilber_spaces,
  author =       {Manton, Jonathan H and Amblard, Pierre-Olivier and others},
  title =        {A Primer on Reproducing Kernel Hilbert Spaces},
  journal =      {Foundations and Trends{\textregistered} in Signal Processing},
  volume =       8,
  number =       {1--2},
  pages =        {1--126},
  year =         2015,
  publisher =    {Now Publishers, Inc.},
}

@book{steinwart08_suppor,
  author =       {Steinwart, Ingo and Christmann, Andreas},
  title =        {Support vector machines},
  year =         2008,
  publisher =    {Springer Science \& Business Media},
}

@article{feldman19_does_learn_requir_memor,
  author =       {Feldman, Vitaly},
  title =        {Does Learning Require Memorization? a Short Tale About a Long
                  Tail},
  journal =      {arXiv preprint arXiv:1906.05271},
  year =         2019,
}

@article{aronszajn50_theor_reprod_kernel,
  author =       {Aronszajn, Nachman},
  title =        {Theory of Reproducing Kernels},
  journal =      {Transactions of the American mathematical society},
  volume =       68,
  number =       3,
  pages =        {337--404},
  year =         1950,
  publisher =    {JSTOR},
}

@misc{gretton18_advan_topic_machin_learn,
  author =       {Gretton, Arthur and Seijdinovich, Dino},
  howpublished =
                  {\url{http://www.gatsby.ucl.ac.uk/~gretton/coursefiles/rkhscourse.html}},
  title =        {Advanced Topics in Machine Learning: Reproducing Kernel
                  Hilbert Spaces in Machine Learning},
  year =         2018,
}

@misc{ciliberto18_advan_topic_machin_learn,
  author =       {Ciliberto, Carlo},
  howpublished =
                  {\url{https://cciliber.github.io/intro-slt/}},
  title =        {Advanced Topics in Machine Learning: Introduction to
                  Statistical Learning Theory},
  year =         2018,
}

@book{kreyszig78_introd,
  author =       {Kreyszig, Erwin},
  title =        {Introductory functional analysis with applications},
  year =         1978,
  publisher =    {wiley New York},
  volume =       1,
}

@article{mueller97_integ_probab_metric_their_gener_class_funct,
  author =       {M{\"u}ller, Alfred},
  title =        {Integral Probability Metrics and Their Generating Classes of
                  Functions},
  journal =      {Advances in Applied Probability},
  volume =       29,
  number =       2,
  pages =        {429--443},
  year =         1997,
  publisher =    {Cambridge University Press},
}

@article{hoerl70_ridge_regres,
  author =       {Hoerl, Arthur E and Kennard, Robert W},
  title =        {Ridge Regression: Biased Estimation for Nonorthogonal
                  Problems},
  journal =      {Technometrics},
  volume =       12,
  number =       1,
  pages =        {55--67},
  year =         1970,
  publisher =    {Taylor \& Francis Group},
}

@inproceedings{vapnik92_princ,
  author =       {Vapnik, Vladimir},
  title =        {Principles of risk minimization for learning theory},
  booktitle =    {Advances in neural information processing systems},
  year =         1992,
  pages =        {831--838},
}

@inproceedings{welling09_herdin,
  author =       {Welling, Max},
  title =        {Herding dynamical weights to learn},
  booktitle =    {Proceedings of the 26th Annual International Conference on
                  Machine Learning},
  year =         2009,
  pages =        {1121--1128},
  organization = {ACM},
}

@inproceedings{welling09_herdin_b,
  author =       {Welling, Max},
  title =        {Herding dynamic weights for partially observed random field
                  models},
  booktitle =    {Proceedings of the Twenty-Fifth Conference on Uncertainty in
                  Artificial Intelligence},
  year =         2009,
  pages =        {599--606},
  organization = {AUAI Press},
}

@inproceedings{welling10_statis,
  author =       {Welling, Max and Chen, Yutian},
  title =        {Statistical inference using weak chaos and infinite memory},
  booktitle =    {Journal of Physics: Conference Series},
  year =         2010,
  volume =       233,
  number =       1,
  pages =        012005,
  organization = {IOP Publishing},
}

@article{frank56_algor_quadr_progr,
  author =       {Frank, Marguerite and Wolfe, Philip},
  title =        {An Algorithm for Quadratic Programming},
  journal =      {Naval research logistics quarterly},
  volume =       3,
  number =       {1-2},
  pages =        {95--110},
  year =         1956,
  publisher =    {Wiley Online Library},
}

@inproceedings{jaggi13_revis_frank_wolfe,
  author =       {Jaggi, Martin},
  title =        {Revisiting Frank-Wolfe: Projection-free sparse convex
                  optimization.},
  booktitle =    {ICML (1)},
  year =         2013,
  pages =        {427--435},
}

@inproceedings{ma03_extrac,
  author =       {Ma, Ling and Goharian, Nazli and Chowdhury, Abdur and Chung,
                  Misun},
  title =        {Extracting unstructured data from template generated web
                  documents},
  booktitle =    {Proceedings of the twelfth international conference on
                  Information and knowledge management},
  year =         2003,
  pages =        {512--515},
  organization = {ACM},
}

@book{wendland04_scatt,
  author =       {Wendland, Holger},
  title =        {Scattered data approximation},
  year =         2004,
  publisher =    {Cambridge university press},
  volume =       17,
}

@article{tolstikhin17_minim_estim_kernel_mean_embed,
  author =       {Tolstikhin, Ilya and Sriperumbudur, Bharath K and Muandet,
                  Krikamol},
  title =        {Minimax Estimation of Kernel Mean Embeddings},
  journal =      {The Journal of Machine Learning Research},
  volume =       18,
  number =       1,
  pages =        {3002--3048},
  year =         2017,
  publisher =    {JMLR. org},
}

@article{wang19_exact_gauss_proces_million_data_point,
  author =       {Wang, Ke Alexander and Pleiss, Geoff and Gardner, Jacob R and
                  Tyree, Stephen and Weinberger, Kilian Q and Wilson, Andrew
                  Gordon},
  title =        {Exact Gaussian Processes on a Million Data Points},
  journal =      {arXiv preprint arXiv:1903.08114},
  year =         2019,
}

@inproceedings{choromanski18,
  author =       {Choromanski, Krzysztof and Rowland, Mark and Sarl{\'o}s,
                  Tam{\'a}s and Sindhwani, Vikas and Turner, Richard and Weller,
                  Adrian},
  title =        {The geometry of random features},
  booktitle =    {International Conference on Artificial Intelligence and
                  Statistics},
  year =         2018,
  pages =        {1--9},
}

@misc{desjardins19_how,
  author =       {Jeff Desjardins},
  howpublished =
                  {\url{https://www.weforum.org/agenda/2019/04/how-much-data-is-generated-each-day-cf4bddf29f}},
  note =         {Accessed: 2019-07-29},
  title =        {How much data is generated each day?},
  year =         2019,
}

@inproceedings{pak10_twitt,
  author =       {Pak, Alexander and Paroubek, Patrick},
  title =        {Twitter as a corpus for sentiment analysis and opinion
                  mining.},
  booktitle =    {LREc},
  year =         2010,
  volume =       10,
  number =       2010,
  pages =        {1320--1326},
}

@article{chapelle09_semi_super_learn_o,
  author =       {Chapelle, Olivier and Scholkopf, Bernhard and Zien, Alexander},
  title =        {Semi-Supervised Learning (chapelle, O. Et Al., Eds.;
                  2006)[book Reviews]},
  journal =      {IEEE Transactions on Neural Networks},
  volume =       20,
  number =       3,
  pages =        {542--542},
  year =         2009,
  publisher =    {IEEE},
}

@inproceedings{zhu03_combin,
  author =       {Zhu, Xiaojin and Lafferty, John and Ghahramani, Zoubin},
  title =        {Combining active learning and semi-supervised learning using
                  gaussian fields and harmonic functions},
  booktitle =    {ICML 2003 workshop on the continuum from labeled to unlabeled
                  data in machine learning and data mining},
  year =         2003,
  volume =       3,
}

@unpublished{balkan15_activ_learn_moder_learn_theor,
  author =       {Balkan, Maria-Florina and Urner, Ruth},
  month =        {January},
  note =         {Active learning survey},
  title =        {Active Learning - Modern Learning Theory},
  year =         2015,
}

@article{qin14_proces_data_analy_era_big_data,
  author =       {Qin, S Joe},
  title =        {Process Data Analytics in the Era of Big Data},
  journal =      {AIChE Journal},
  volume =       60,
  number =       9,
  pages =        {3092--3100},
  year =         2014,
  publisher =    {Wiley Online Library},
}

@article{balcan10_true_sampl_compl_activ_learn,
  author =       {Balcan, Maria-Florina and Hanneke, Steve and Vaughan, Jennifer
                  Wortman},
  title =        {The True Sample Complexity of Active Learning},
  journal =      {Machine learning},
  volume =       80,
  number =       {2-3},
  pages =        {111--139},
  year =         2010,
  publisher =    {Springer},
}

@inproceedings{williams96_gauss,
  author =       {Williams, Christopher KI and Rasmussen, Carl Edward},
  title =        {Gaussian processes for regression},
  booktitle =    {Advances in neural information processing systems},
  year =         1996,
  pages =        {514--520},
}

@inproceedings{evgeniou99_suppor,
  author =       {Evgeniou, Theodoros and Pontil, Massimiliano},
  title =        {Support vector machines: Theory and applications},
  booktitle =    {Advanced Course on Artificial Intelligence},
  year =         1999,
  pages =        {249--257},
  organization = {Springer},
}

@article{cressie90_origin_krigin,
  author =       {Cressie, Noel},
  title =        {The Origins of Kriging},
  journal =      {Mathematical geology},
  volume =       22,
  number =       3,
  pages =        {239--252},
  year =         1990,
  publisher =    {Springer},
}

@article{saunders98_ridge_regres_learn_algor_dual_variab,
  author =       {Saunders, Craig and Gammerman, Alexander and Vovk, Volodya},
  title =        {Ridge Regression Learning Algorithm in Dual Variables},
  year =         {1998},
}

@article{angluin88_queries_concep_learn,
  author =       {Angluin, Dana},
  title =        {Queries and Concept Learning},
  journal =      {Machine learning},
  volume =       2,
  number =       4,
  pages =        {319--342},
  year =         1988,
  publisher =    {Springer},
}

@article{wu18_pool_based_sequen_activ_learn_regres,
  author =       {Wu, Dongrui},
  title =        {Pool-Based Sequential Active Learning for Regression},
  journal =      {IEEE transactions on neural networks and learning systems},
  volume =       30,
  number =       5,
  pages =        {1348--1359},
  year =         2018,
  publisher =    {IEEE},
}

@inproceedings{baum92_query,
  author =       {Baum, Eric B and Lang, Kenneth},
  title =        {Query learning can work poorly when a human oracle is used},
  booktitle =    {International joint conference on neural networks},
  year =         1992,
  volume =       8,
  pages =        8,
}

@article{kearns02_near_optim_reinf_learn_polyn_time,
  author =       {Kearns, Michael and Singh, Satinder},
  title =        {Near-Optimal Reinforcement Learning in Polynomial Time},
  journal =      {Machine learning},
  volume =       49,
  number =       {2-3},
  pages =        {209--232},
  year =         2002,
  publisher =    {Springer},
}

@article{tong01_suppor_vector_machin_activ_learn,
  author =       {Tong, Simon and Koller, Daphne},
  title =        {Support Vector Machine Active Learning With Applications To
                  Text Classification},
  journal =      {Journal of machine learning research},
  volume =       2,
  number =       {Nov},
  pages =        {45--66},
  year =         2001,
}

@inproceedings{dasgupta08,
  author =       {Dasgupta, Sanjoy and Hsu, Daniel J and Monteleoni, Claire},
  title =        {A general agnostic active learning algorithm},
  booktitle =    {Advances in neural information processing systems},
  year =         2008,
  pages =        {353--360},
}

@inproceedings{lewis94,
  author =       {Lewis, David D and Gale, William A},
  title =        {A sequential algorithm for training text classifiers},
  booktitle =    {SIGIR'94},
  year =         1994,
  pages =        {3--12},
  organization = {Springer},
}

@inproceedings{settles08,
  author =       {Settles, Burr and Craven, Mark},
  title =        {An analysis of active learning strategies for sequence
                  labeling tasks},
  booktitle =    {Proceedings of the conference on empirical methods in natural
                  language processing},
  year =         2008,
  pages =        {1070--1079},
  organization = {Association for Computational Linguistics},
}

@article{gretton12_kernel_two_sampl_test,
  author =       {Gretton, Arthur and Borgwardt, Karsten M and Rasch, Malte J
                  and Sch{\"o}lkopf, Bernhard and Smola, Alexander},
  title =        {A Kernel Two-Sample Test},
  journal =      {Journal of Machine Learning Research},
  volume =       13,
  number =       {Mar},
  pages =        {723--773},
  year =         2012,
}

@book{scholkopf01_learn,
  author =       {Scholkopf, Bernhard and Smola, Alexander J},
  title =        {Learning with kernels: support vector machines,
                  regularization, optimization, and beyond},
  year =         2001,
  publisher =    {MIT press},
}

@article{peyre19_comput_optim_trans,
  author =       {Peyr{\'e}, Gabriel and Cuturi, Marco and others},
  title =        {Computational Optimal Transport},
  journal =      {Foundations and Trends{\textregistered} in Machine Learning},
  volume =       11,
  number =       {5-6},
  pages =        {355--607},
  year =         2019,
  publisher =    {Now Publishers, Inc.},
}

@inproceedings{harvey14_near,
  author =       {Harvey, Nick and Samadi, Samira},
  title =        {Near-optimal herding},
  booktitle =    {Conference on Learning Theory},
  year =         2014,
  pages =        {1165--1182},
}

@article{xu19_towar_effic_evaluat_risk_via_herdin,
  author =       {Xu, Zelai and Yu, Tiancheng and Sra, Suvrit},
  title =        {Towards Efficient Evaluation of Risk Via Herding},
  year =         2019,
}

@inproceedings{gu12_towar,
  author =       {Gu, Quanquan and Han, Jiawei},
  title =        {Towards active learning on graphs: An error bound minimization
                  approach},
  booktitle =    {2012 IEEE 12th International Conference on Data Mining},
  year =         2012,
  pages =        {882--887},
  organization = {IEEE},
}

@inproceedings{ganti12_upal,
  author =       {Ganti, Ravi and Gray, Alexander},
  title =        {Upal: Unbiased pool based active learning},
  booktitle =    {Artificial Intelligence and Statistics},
  year =         2012,
  pages =        {422--431},
}

@article{gretton09_covar_shift_by_kernel_mean_match,
  author =       {Gretton, Arthur and Smola, Alex and Huang, Jiayuan and
                  Schmittfull, Marcel and Borgwardt, Karsten and Sch{\"o}lkopf,
                  Bernhard},
  title =        {Covariate Shift By Kernel Mean Matching},
  journal =      {Dataset shift in machine learning},
  volume =       3,
  number =       4,
  pages =        5,
  year =         2009,
}

@book{quionero-candela09_datas,
  author =       {Quionero-Candela, Joaquin and Sugiyama, Masashi and
                  Schwaighofer, Anton and Lawrence, Neil D},
  title =        {Dataset shift in machine learning},
  year =         2009,
  publisher =    {The MIT Press},
}

@article{chaovalitwongse09_quadr_integ_progr,
  author =       {Chaovalitwongse, W Art and Androulakis, Ioannis P and
                  Pardalos, Panos M},
  title =        {Quadratic Integer Programming: Complexity and Equivalent
                  Forms},
  journal =      {Encyclopedia of optimization},
  pages =        {3153--3159},
  year =         2009,
  publisher =    {Springer},
}


@article{pedregosa11_scikit_learn,
  author =       {Pedregosa, F. and Varoquaux, G. and Gramfort, A. and Michel,
                  V. and Thirion, B. and Grisel, O. and Blondel, M. and
                  Prettenhofer, P. and Weiss, R. and Dubourg, V. and Vanderplas,
                  J. and Passos, A. and Cournapeau, D. and Brucher, M. and
                  Perrot, M. and Duchesnay, E.},
  title =        {{Scikit-Learn: Machine Learning in Python }},
  journal =      {Journal of Machine Learning Research},
  volume =       12,
  pages =        {2825--2830},
  year =         2011,
}

@misc{dua17_uci_machin_learn_repos,
  author =       "Dua, Dheeru and Graff, Casey",
  institution =  "University of California, Irvine, School of Information and
                  Computer Sciences",
  title =        "{UCI} Machine Learning Repository",
  url =          "http://archive.ics.uci.edu/ml",
  year =         2017,
}